@online{artificial_neuron_wiki,
  title = {Artificial Neuron},
  year = 2015,
  urldate = {2015-09-08},
  note="accessed 2015-09-08. Available: \url{https://en.wikipedia.org/wiki/Artificial_neuron}"
}

@online{ann_wiki,
  title = {Artificial Neural Network},
  year = 2015,
  urldate = {2015-09-08},
  note="accessed 2015-09-08. Available: \url{https://en.wikipedia.org/wiki/Artificial_neural_network}"
}

@book{engelbrecht2007computational,
  title={Computational intelligence: an introduction},
  author={Engelbrecht, Andries P},
  year={2007},
  publisher={John Wiley \& Sons}
}
